@inproceedings{zhang2018end,
author={Rui Zhang and Calvin Deutschbein and Peng Huang and Cynthia Sturton},
title={End-to-End Automated Exploit Generation for Validating the Security of
Processor Designs},
booktitle={Proceedings of the International Symposium on Microarchitecture
(MICRO)},
year={2018},
publisher={IEEE/ACM}
}

@inproceedings{zhang2018recursive,
author={Rui Zhang and Cynthia Sturton},
title={A Recursive Strategy for Symbolic Execution to Find Exploits in Hardware
Designs},
booktitle={Proceedings of the International Workshop on Formal Methods and
Security (FMS)},
year={2018},
publisher={ACM}
}
